<record><leader>01847cam a2200457 i 4500</leader><controlfield tag="001">6799219</controlfield><controlfield tag="003">OCoLC</controlfield><controlfield tag="005">20150122122552.0</controlfield><controlfield tag="008">140617t20152015enka     b    001 0 eng c</controlfield><datafield ind1=" " ind2=" " tag="010"><subfield code="a">  2014023585</subfield></datafield><datafield ind1=" " ind2=" " tag="015"><subfield code="a">GBB4C3386</subfield><subfield code="2">bnb</subfield></datafield><datafield ind1="7" ind2=" " tag="016"><subfield code="a">016932257</subfield><subfield code="2">Uk</subfield></datafield><datafield ind1=" " ind2=" " tag="020"><subfield code="a">9781472524218 (hardback)</subfield></datafield><datafield ind1=" " ind2=" " tag="020"><subfield code="a">1472524217 (hardback)</subfield></datafield><datafield ind1=" " ind2=" " tag="020"><subfield code="z">9781472523945 (PDF)</subfield></datafield><datafield ind1=" " ind2=" " tag="020"><subfield code="z">9781472524898 (ePub)</subfield></datafield><datafield ind1=" " ind2=" " tag="035"><subfield code="a">ocn881560439</subfield></datafield><datafield ind1=" " ind2=" " tag="040"><subfield code="a">ICU/DLC</subfield><subfield code="b">eng</subfield><subfield code="e">rda</subfield><subfield code="c">CGU</subfield><subfield code="d">DLC</subfield><subfield code="d">OCLCO</subfield><subfield code="d">OCLCF</subfield><subfield code="d">YDXCP</subfield><subfield code="d">BTCTA</subfield><subfield code="d">BDX</subfield><subfield code="d">UKMGB</subfield><subfield code="d">TJC</subfield><subfield code="d">ZCU</subfield><subfield code="d">COO</subfield><subfield code="d">OCLCO</subfield><subfield code="d">PUL</subfield><subfield code="d">UAB</subfield><subfield code="d">AEU</subfield></datafield><datafield ind1="1" ind2=" " tag="041"><subfield code="a">eng</subfield><subfield code="a">grc</subfield><subfield code="h">pol</subfield><subfield code="h">grc</subfield></datafield><datafield ind1=" " ind2=" " tag="042"><subfield code="a">pcc</subfield></datafield><datafield ind1="0" ind2="0" tag="050"><subfield code="a">PA3131</subfield><subfield code="b">.K59813 2015</subfield></datafield><datafield ind1="0" ind2="0" tag="082"><subfield code="a">882/.0109</subfield><subfield code="2">23</subfield></datafield><datafield ind1=" " ind2=" " tag="090"><subfield code="a">PA 3131 K59813 2015</subfield><subfield code="b">AEU</subfield></datafield><datafield ind1="1" ind2=" " tag="100"><subfield code="a">Kotli&#324;ska-Toma, Agnieszka,</subfield><subfield code="e">author.</subfield></datafield><datafield ind1="1" ind2="0" tag="240"><subfield code="a">Tragedia hellenistyczna.</subfield><subfield code="l">English</subfield></datafield><datafield ind1="1" ind2="0" tag="245"><subfield code="a">Hellenistic tragedy :</subfield><subfield code="b">texts, translations and a critical survey /</subfield><subfield code="c">Agnieszka Kotli&#324;ska-Toma.</subfield></datafield><datafield ind1=" " ind2="1" tag="264"><subfield code="a">London, UK :</subfield><subfield code="b">Bloomsbury Academic, an imprint of Bloomsbury Publishing Plc,</subfield><subfield code="c">2015.</subfield></datafield><datafield ind1=" " ind2="4" tag="264"><subfield code="c">&#169;2015</subfield></datafield><datafield ind1=" " ind2=" " tag="300"><subfield code="a">xvi, 322 pages :</subfield><subfield code="b">illustrations ;</subfield><subfield code="c">24 cm.</subfield></datafield><datafield ind1=" " ind2=" " tag="336"><subfield code="a">text</subfield><subfield code="2">rdacontent</subfield></datafield><datafield ind1=" " ind2=" " tag="337"><subfield code="a">unmediated</subfield><subfield code="2">rdamedia</subfield></datafield><datafield ind1=" " ind2=" " tag="338"><subfield code="a">volume</subfield><subfield code="2">rdacarrier</subfield></datafield><datafield ind1="1" ind2=" " tag="490"><subfield code="a">Bloomsbury classical studies monographs</subfield></datafield><datafield ind1=" " ind2=" " tag="504"><subfield code="a">Includes bibliographical references and indexes.</subfield></datafield><datafield ind1=" " ind2=" " tag="546"><subfield code="a">Translated from the Polish, with translations from the Ancient Greek.</subfield></datafield><datafield ind1=" " ind2=" " tag="596"><subfield code="a">16 43</subfield></datafield><datafield ind1=" " ind2="0" tag="650"><subfield code="a">Greek drama (Tragedy)</subfield><subfield code="x">History and criticism.</subfield></datafield><datafield ind1=" " ind2="0" tag="830"><subfield code="a">Bloomsbury classical studies monographs.</subfield></datafield><datafield ind1=" " ind2=" " tag="949"><subfield code="a">PA 3131 K59813 2015</subfield><subfield code="c">1</subfield><subfield code="h">UAAU-B</subfield><subfield code="i">0162035231503</subfield></datafield><datafield ind1=" " ind2=" " tag="926"><subfield code="a">PA 3131 K59813 2015</subfield><subfield code="w">LC</subfield><subfield code="c">1</subfield><subfield code="i">0162035231503</subfield><subfield code="l">ON_SHELF</subfield><subfield code="m">UAAUG</subfield><subfield code="p">$150.00</subfield><subfield code="r">Y</subfield><subfield code="s">Y</subfield><subfield code="t">BOOK</subfield><subfield code="u">2/4/2015</subfield></datafield><datafield ind1=" " ind2=" " tag="926"><subfield code="a">PA 3131 K59813 2015</subfield><subfield code="w">LC</subfield><subfield code="c">1</subfield><subfield code="i">0162035241882</subfield><subfield code="d">8/24/2015</subfield><subfield code="e">8/5/2015</subfield><subfield code="l">ON_SHELF</subfield><subfield code="m">UAHSS</subfield><subfield code="n">1</subfield><subfield code="p">$150.00</subfield><subfield code="r">Y</subfield><subfield code="s">Y</subfield><subfield code="t">BOOK</subfield><subfield code="u">2/26/2015</subfield></datafield></record>